%% BEGIN EXAMPLES %%

% Book
%@book{CraftingACompiler,
%	Author = {Charles N. Fisher and Ron K. Cytron and Richard J. LeBlanc, Jr.},
%	Publisher = {Addison-Wesley},
%	Title = {Crafting a Compiler},
%	Year = {2010}
%}

%Website without title or publisher
%@misc{PureBasic,
%	Author = {PureBasic},
%	Howpublished = {\url{http://www.purebasic.com}},
%	Note = {Visited 20/5/2013}
%}

%Website with title and publisher
%@misc{howstuffworkscruisecontrolex,
%	Author = {Karim Nice},
%	Title = {\textit{How Cruise Control Systems Work}},
%	Howpublished = {\url{http://auto.howstuffworks.com/cruise-control.htm}},
%	Note = {HowStuffWorks. Visited 17/9/2013}
%}

%% END EXAMPLES %%


@misc{jil,
	Author = {Joint Interpretation Library},
	Title = {\textit{Application of Attack Potential to Smartcards}},
	Howpublished = {\url{http://www.sogisportal.eu/documents/cc/domains/sc/JIL-Application-of-Attack-Potential-to-Smartcards-v2-9.pdf}},
	Note = {Visited 26. Oct 2015}
}

@misc{jcvm,
	Author = {SUN Microsystems},
	Title = {\textit{Virtual Machine Specification}},
	Howpublished = {\url{http://www.oracle.com/technetwork/java/javacard/specs-138637.html}},
	Note = {Version 2.2.2. Visited 26. Oct 2015}
}

@misc{gadellaa,
	Author = {K.O. Gadellaa},
	Title = {\textit{Fault Attacks on Java Card}},
	Year = {2005}
}

@misc{agl,
	Author = {Mehdi-Laurent Akkar and Louis Goubin and Olivier Ly},
	Title = {\textit{Automatic Integration of Counter-Measures Against Fault Injection Attacks}},
	Year = {2003}
}

@misc{pcbsb,
	Author = {Ludo Van Put and Dominique Chanet and Bruno De Bus and Bjorn De Sutter and Koen De Bosschere},
	Title = {\textit{DIABLO: a reliable, retargetable and extensible link-time rewriting framework}},
	Year = {2005}
}

@misc{mksb,
	Author = {Jonas Maebe and Ronald De Keulenaer and Bjorn De Sutter and Koen De Bosschere},
	Title = {\textit{Mitigating Smart Card Fault Injection with Link-Time Code Rewriting: A Feasibility Study}},
	Howpublished = {\url{http://fc13.ifca.ai/proc/7-2.pdf}},
	Year = {2013},
	Note = {Visited 2. Nov 2015}
}
@misc{diablo,
	Author = {Jonas Maebe and Bjorn De Sutter},
	Title = {\textit{Diablo}},
	Howpublished = {\url{http://diablo.elis.ugent.be}},
	Note = {Visited 2. Nov 2015}
}
@misc{understandjc2,
	Author = {Zhiqun Chen and Rinaldo Di Giorgio},
	Title = {\textit{Understanding Java Card 2.0}},
	Howpublished = {\url{http://www.javaworld.com/article/2076617/embedded-java/understanding-java-card-2-0.html}},
	Note = {Visited 4. Nov 2015}
}

@misc{emvco,
	Title = {\textit{About EMVCo}},
	Howpublished = {\url{http://www.emvco.com/about_emvco.aspx}},
	Note = {Visited 9. Nov 2015}
}

@misc{emvcoSecurityEval,
	Title = {\textit{Security Process}},
	Howpublished = {\url{https://www.emvco.com/approvals.aspx?id=97}},
	Note = {Visited 9. Nov 2015}
}

@misc{cardconnectordesc,
	Author = {ISO},
	Title = {\textit{ISO 7816 Part 2: Dimensions and Location of the Contacts}},
	Howpublished = {\url{http://www.cardwerk.com/smartcards/smartcard_standard_ISO7816-2.aspx}},
	Note = {Visited 9. Nov 2015}
}
@misc{connectorimage,
	Author = {Dacs},
	Title = {\textit{Smart card}},
	Howpublished = {\url{https://upload.wikimedia.org/wikipedia/commons/0/06/SmartCardPinout.svg}},
	Note = {Visited 9. Nov 2015}
}
@misc{commandandresponse,
	Author = {CardWerk Technologies},
	Title = {\textit{ISO 7816-4: Interindustry Commands for Interchange}},
	Howpublished = {\url{http://www.cardwerk.com/smartcards/smartcard_standard_ISO7816-4_5_basic_organizations.aspx}},
	Note = {Visited 9. Nov 2015}
}
@misc{jcoperandstack,
	Author = {Guillaume Barbu and Guillaume Duc and Philippe Hoogvorst},
	Title = {\textit{Java Card Operand Stack: Fault Attacks, Combined Attacks and Countermeasures}},
	Howpublished = {\url{http://biblio.telecom-paristech.fr/cgi-bin/download.cgi?id=11348}},
	Note = {Visited 12. Nov 2015}
}
@misc{javacardintro1,
	Author = {C. Enrique Ortiz},
	Title = {\textit{An Introduction to Java Card Technology - Part 1}},
	Howpublished = {\url{http://www.oracle.com/technetwork/java/javacard/javacard1-139251.html}},
	Note = {Visited 17. Sep 2015}
}
@misc{javacardintro2,
	Author = {C. Enrique Ortiz},
	Title = {\textit{An Introduction to Java Card Technology - Part 2, The Java Card Applet}},
	Howpublished = {\url{http://www.oracle.com/technetwork/java/javacard/javacard2-138597.html}},
	Note = {Visited 17. Sep 2015}
}

@misc{creditcard,
	Author = {PSDgraphics.com},
	Title = {\textit{Credit card template}},
	Howpublished = {\url{http://www.psdgraphics.com/psd/credit-card-template/}},
	Note = {Visited 24. Sep 2015}
}

@misc{javacardintro3,
	Author = {C. Enrique Ortiz},
	Title = {\textit{An Introduction to Java Card Technology - Part 1}},
	Howpublished = {\url{http://www.oracle.com/technetwork/java/javacard/javacard1-139251.html}},
	Note = {Visited 1. Dec 2015}
}

@book{modbank,
	Author = {D. Muraleedharan},
	Publisher = {Prentice-Hall of India Pvt.Ltd},
	Title = {\textit{Modern Banking - Theory and Practice}},
	ISBN = {9788120350328},
	URL = {http://www.amazon.com/Modern-Banking-Practice-D-Muraleedharan/dp/8120350324},
	Year = {2014}
}

@misc{evsmc,
	Author = {Ahmadou A. Sere and Julien Iguchi-Cartigny and Jean-Louis Lanet},
	Title = {\textit{Evaluation of Countermeasures Against Fault
	Attacks on Smart Cards}},
	Howpublished = {\url{http://www.sersc.org/journals/IJSIA/vol5_no2_2011/4.pdf}},
	Note = {Visited 3. Dec 2015}
}

@misc{bcel,
	Author = {Apache Commons},
	Title = {\textit{BCEL}},
	Howpublished = {\url{https://commons.apache.org/proper/commons-bcel/index.html}},
	Note = {Visited 7. Dec 2015}
}

@misc{bvjc,
	Author = {Xavier Leroy},
	Title = {\textit{Bytecode verification on Java smart cards}},
	Howpublished = {\url{http://gallium.inria.fr/~xleroy/publi/oncard-verifier-spe.pdf}},
	Note = {Visited 8. Dec 2015}
}

@misc{swift,
	Author = {George A. Reis and Jonathan Chang and Neil Vachharajani and Ram Rangan and David I. August},
	Title = {\textit{SWIFT: Software Implemented Fault Tolerance}},
	Howpublished = {\url{http://liberty.cs.princeton.edu/Publications/cgo3_swift.pdf}},
	Note = {Visited 8. Dec 2015}
}

@misc{dynamicfi,
	Author = {Guillaume Barbu and Philippe Andouard and Christophe Giraud},
	Title = {\textit{Dynamic Fault Injection Countermeasure - A New Conception of Java Card Security}},
	Howpublished = {\url{http://www.cardis.org/proceedings/cardis_2012/CARDIS2012_2.pdf}},
	Note = {Visited 8. Dec 2015}
}

@incollection{uppaal,
    year={2004},
    isbn={978-3-540-23068-7},
    booktitle={Formal Methods for the Design of Real-Time Systems},
    volume={3185},
    series={Lecture Notes in Computer Science},
    editor={Bernardo, Marco and Corradini, Flavio},
    doi={10.1007/978-3-540-30080-9_7},
    title={A Tutorial on Uppaal},
    url={http://dx.doi.org/10.1007/978-3-540-30080-9_7},
    publisher={Springer Berlin Heidelberg},
    author={Behrmann, Gerd and David, Alexandre and Larsen, Kim G.},
    pages={200-236},
    language={English}
}

@article{smc,
    year={2015},
    issn={1433-2779},
    journal={International Journal on Software Tools for Technology Transfer},
    volume={17},
    number={4},
    doi={10.1007/s10009-014-0361-y},
    title={Uppaal SMC tutorial},
    url={http://dx.doi.org/10.1007/s10009-014-0361-y},
    publisher={Springer Berlin Heidelberg},
    keywords={Uppaal; Timed automata; Model-checking; Statistical model-checking; Stochastic; Hybrid; Dynamical; Probabilistic},
    author={David, Alexandre and Larsen, Kim Guldstrand and Legay, Axel and Miku\v{c}ionis, Marius and Poulsen, Danny B{\o}gsted},
    pages={397-415},
    language={English}
}


@misc{bytecodebasedanalysis,
	Author = {Supaporn Kansomkeat and Jeff Offutt and Wanchai Rivepiboon},
	Title = {\textit{Bytecode-Based Analysis for Increasing Class-Component Testability}},
	Howpublished = {\url{http://www.ecti-thailand.org/assets/papers/101_pub_4.pdf}},
	Note = {Visited 9. Dec 2015}
}

@misc{soot,
	Author = {Sable Research Group},
	Title = {\textit{Soot: A framework for analyzing and transforming Java and Android Applications}},
	Howpublished = {\url{http://sable.github.io/soot/}},
	Note = {Visited 9. Dec 2015}
}

@misc{asm,
	Author = {Eric Bruneton and Romain Lenglet and Thierry Coupaye},
	Title = {\textit{ASM: a code manipulation tool to implement adaptable systems}},
	Howpublished = {\url{http://asm.ow2.org/current/asm-eng.pdf}},
	Note = {Visited 9. Dec 2015}
}

@misc{sawja,
	Author = {Laurent Hubert and Nicolas Barré and Frédéric Besson and Delphine Demange and Thomas Jensen and Vincent Monfort and David Pichardie and Tiphaine Turpin},
	Title = {\textit{Sawja: Static Analysis Workshop for Java}},
	Howpublished = {\url{http://www.irisa.fr/celtique/pichardie/papers/foveoos10.pdf}},
	Note = {Visited 10. Dec 2015}
}

@misc{fun,
	Author = {Houda Ferradi and Rémi Géraud and David Naccache and Assia Tria},
	Title = {\textit{When Organized Crime Applies Academic Results - A Forensic Analysis of an In-Card Listening Device}},
	Howpublished = {\url{https://eprint.iacr.org/2015/963.pdf}},
	Note = {Visited 14. Dec 2015}
}

@techreport{sca,
    Author = {YongBin Zhou and DengGuo Feng},
    Title = {Side-Channel Attacks: Ten Years After Its Publication and the Impacts on Cryptographic Module Security Testing},
    Institution = {Institute of Software, Chinese Aacademy of Sciences},
    Year = 2005
}

@misc{compilerimage,
	Author = {Jonathan Decrocq},
	Title = {\textit{Principe de la Vérification de bytecode Java-Card On-Card}},
	Howpublished = {\url{https://commons.wikimedia.org/wiki/File:On_card_verification.png}},
	Note = {Visited 16. Dec 2015}
}

@misc{memerr,
	Author = {Sudhakar Govindavajhala, Andrew W. Appel},
	Title = {\textit{Using Memory Errors to Attack a Virtual Machine}},
	Howpublished = {\url{https://www.cs.princeton.edu/~appel/papers/memerr.pdf}},
	Note = {Visited 17. Dec 2015}
}

@article{dalvik,
    Author={Karlsen, Henrik S{\o}ndberg and Wognsen, Erik Ramsgaard and Olesen, Mads Chr and Hansen, Ren{\'e} Rydhof},
    Year={2012},
    Title={Study, formalisation, and analysis of Dalvik bytecode},
    Journal={Informal proceedings of The Seventh Workshop on Bytecode Semantics, Verification, Analysis and Transformation (BYTECODE 2012)}
    Url={http://citeseerx.ist.psu.edu/viewdoc/summary?doi=10.1.1.460.3527},
    Pages={9},
    Language={English}
}



@incollection{upptut,
    year={2004},
    isbn={978-3-540-23068-7},
    booktitle={Formal Methods for the Design of Real-Time Systems},
    volume={3185},
    series={Lecture Notes in Computer Science},
    editor={Bernardo, Marco and Corradini, Flavio},
    doi={10.1007/978-3-540-30080-9_7},
    title={A Tutorial on Uppaal},
    url={http://dx.doi.org/10.1007/978-3-540-30080-9_7},
    publisher={Springer Berlin Heidelberg},
    author={Behrmann, Gerd and David, Alexandre and Larsen, Kim G.},
    pages={200-236},
    language={English}
}


@techreport{javasec,
    Author={Erik Sidelmann Jensen, Dennis Jakobsen, Kristian Mikkel Thomsen and Christoffer Nduru},
    Year={2016},
    Title={Java Smart Card Security - An Overview of Fault Injection Attacks and Countermeasures},
    Pages={43}
}

@online{java_spec,
  author = {Tim Lindholm and Frank Yellin and Gilad Bracha and Alex Buckley},
  title = {The Java® Virtual Machine Specification Java SE 8 Edition},
  year = 2015,
  url = {https://docs.oracle.com/javase/specs/jvms/se8/jvms8.pdf},
  urldate = {2016-03-15}
}

@online{java_card_spec,
  author = {Sun Microsystems},
  title = {Virtual Machine Specification, Java Card Platform, Version 2.2.2},
  year = 2006,
  url = {http://download.oracle.com/otndocs/jcp/java_card_kit-2.2.2-fr-oth-JSpec/},
  urldate = {2016-03-15}
}
